@article{scott2015multi,
  title={Multi-armed bandit experiments in the online service economy},
  author={Scott, Steven L},
  journal={Applied Stochastic Models in Business and Industry},
  volume={31},
  number={1},
  pages={37--45},
  year={2015},
  publisher={Wiley Online Library}
}

@article{scott2010modern,
  title={‘A modern Bayesian look at the multi-armed bandit’by Steven L. Scott: Rejoinder},
  author={Scott, Steven L},
  journal={Applied Stochastic Models in Business and Industry},
  volume={26},
  number={6},
  pages={665--667},
  year={2010},
  publisher={Wiley Online Library}
}

@article{jaeger2008best,
  title={Best--worst scaling: An introduction and initial comparison with monadic rating for preference elicitation with food products},
  author={Jaeger, Sara R and J{\o}rgensen, Anne S and Aaslyng, Margit D and Bredie, Wender LP},
  journal={Food Quality and Preference},
  volume={19},
  number={6},
  pages={579--588},
  year={2008},
  publisher={Elsevier}
}

@article{marley2012models,
  title={Models of best--worst choice and ranking among multiattribute options (profiles)},
  author={Marley, Anthony AJ and Pihlens, David},
  journal={Journal of Mathematical Psychology},
  volume={56},
  number={1},
  pages={24--34},
  year={2012},
  publisher={Elsevier}
}

@article{marley2005some,
  title={Some probabilistic models of best, worst, and best--worst choices},
  author={Marley, Anthony AJ and Louviere, Jordan J},
  journal={Journal of Mathematical Psychology},
  volume={49},
  number={6},
  pages={464--480},
  year={2005},
  publisher={Elsevier}
}

@article{chrzan2006empirical,
  title={An empirical test of six stated importance measures},
  author={Chrzan, Keith and Golovashkina, Natalia},
  journal={International Journal of Market Research},
  volume={48},
  number={6},
  pages={717},
  year={2006},
  publisher={NTC PUBLICATIONS LTD}
}

@inproceedings{cohen2003maximum,
  title={Maximum difference scaling: improved measures of importance and preference for segmentation},
  author={Cohen, Steve and others},
  booktitle={Sawtooth Software Conference Proceedings, Sawtooth Software, Inc},
  volume={530},
  pages={61--74},
  year={2003}
}

@inproceedings{cohen2003measuring,
  title={Measuring preference for product benefits across countries},
  author={Cohen, Steve and Neira, Leopoldo},
  booktitle={Sawtooth Software Conference 2003},
  year={2003}
}

@article{schwartz2015customer,
  title={Customer acquisition via display advertising using multi-armed bandit experiments},
  author={Schwartz, Eric M and Bradlow, Eric and Fader, Peter},
  journal={Ross School of Business Paper},
  number={1217},
  year={2015}
}

@article{louviere1991best,
  title={Best-worst scaling: A model for the largest difference judgments},
  author={Louviere, Jordan J and Woodworth, GG},
  journal={University of Alberta: Working Paper},
  year={1991}
}

@article{finn1992determining,
  title={Determining the appropriate response to evidence of public concern: the case of food safety},
  author={Finn, Adam and Louviere, Jordan J},
  journal={Journal of Public Policy \& Marketing},
  pages={12--25},
  year={1992},
  publisher={JSTOR}
}

@article{thompson1933likelihood,
  title={On the likelihood that one unknown probability exceeds another in view of the evidence of two samples},
  author={Thompson, William R},
  journal={Biometrika},
  volume={25},
  number={3/4},
  pages={285--294},
  year={1933},
  publisher={JSTOR}
}

@article{chrzan2015parameter,
  title={A Parameter Recovery Experiment for Two Methods of MaxDiff with Many Items},
  author={Chrzan, Keith},
  year={2015}
}

@article{cohen2004s,
  title={What's Your Preference? Asking survey respondents about their preferences creates new scaling decisions},
  author={Cohen, Steve and Orme, Bryan},
  journal={MARKETING RESEARCH.},
  volume={16},
  pages={32--37},
  year={2004},
  publisher={AMERICAN MARKETING ASSOCIATION}
}

@inproceedings{hendrix2007alternative,
  title={ALTERNATIVE APPROACHES TO MAXDIFF WITH LARGE SETS OF DISPARATE ITEMS--AUGMENTED AND TAILORED MAXDIFF},
  author={Hendrix, Phil and Drucker, Stuart},
  booktitle={SAWTOOTH SOFTWARE CONFERENCE},
  pages={169},
  year={2007}
}

@inproceedings{wirth2012largeset,
  title={Using MaxDiff for Evaluating Very Large Sets of Items},
  author={Wirth, Ralph and Wolfrath, Anette},
  booktitle={SAWTOOTH SOFTWARE CONFERENCE},
  pages={59-78},
  year={2012}
}

@inproceedings{lattery2011response,
  title={Anchoring Maximum Difference Scaling Against a Threshold – Dual Response and Direct Binary Responses},
  author={Lattery, K.},
  booktitle={SAWTOOTH SOFTWARE CONFERENCE},
  pages={91-106},
  year={2011}
}

@inproceedings{lattery2011response,
  title={Anchoring Maximum Difference Scaling Against a Threshold – Dual Response and Direct Binary Responses},
  author={Lattery, K.},
  booktitle={SAWTOOTH SOFTWARE CONFERENCE},
  pages={91-106},
  year={2011}
}

@inproceedings{horne2012anchor,
  title={Continued Investigation into the Role of the ‘Anchor’ in MaxDiff and Related Tradeoff Exercises},
  author={Horne, J. B. Rayner, R. Baker and S. Lenart},
  booktitle={SAWTOOTH SOFTWARE CONFERENCE},
  pages={43-58},
  year={2012}
}

@article{orme2009cbc,
  title={The CBC/HB system for hierarchical Bayes estimation version 5.0 Technical Paper},
  author={Orme, B},
  journal={Technical Paper Series, Sawtooth Software, Orem, UT},
  year={2009}
}

@article{orme2003hb,
  title={New Advances Shed Light on HB Anomalies},
  author={Orme, B},
  journal={Research Paper Series, Sawtooth Software, Orem, UT},
  year={2003}
}

@inproceedings{bacon2007making,
  title={Making MaxDiff more informative: statistical data fusion by way of latent variable modeling},
  author={Bacon, Lynd and Lenk, Peter and SERYAKOVA, KATYA and VECCIA, ELLEN},
  booktitle={SAWTOOTH SOFTWARE CONFERENCE},
  pages={327},
  year={2007}
}

@article{orme2006adaptive,
  title={Adaptive Maximum Difference Scaling},
  author={Orme, B},
  journal={Technical Paper available at www. sawtoothsoftware. com},
  year={2006}
}

@inproceedings{abernethy2015fighting,
  title={Fighting bandits with a new kind of smoothness},
  author={Abernethy, Jacob D and Lee, Chansoo and Tewari, Ambuj},
  booktitle={Advances in Neural Information Processing Systems},
  pages={2197--2205},
  year={2015}
}

@inproceedings{kujala2005following,
  title={On following the perturbed leader in the bandit setting},
  author={Kujala, Jussi and Elomaa, Tapio},
  booktitle={International Conference on Algorithmic Learning Theory},
  pages={371--385},
  year={2005},
  organization={Springer}
}

@article{kalai2005efficient,
  title={Efficient algorithms for online decision problems},
  author={Kalai, Adam and Vempala, Santosh},
  journal={Journal of Computer and System Sciences},
  volume={71},
  number={3},
  pages={291--307},
  year={2005},
  publisher={Elsevier}
}

@article{arora2001improving,
  title={Improving parameter estimates and model prediction by aggregate customization in choice experiments},
  author={Arora, Neeraj and Huber, Joel},
  journal={Journal of Consumer Research},
  volume={28},
  number={2},
  pages={273--283},
  year={2001},
  publisher={The Oxford University Press}
}

@article{hauser2009website,
  title={Website morphing},
  author={Hauser, John R and Urban, Glen L and Liberali, Guilherme and Braun, Michael},
  journal={Marketing Science},
  volume={28},
  number={2},
  pages={202--223},
  year={2009},
  publisher={INFORMS}
}

@article{urban2013morphing,
  title={Morphing banner advertising},
  author={Urban, Glen L and Liberali, Guilherme and MacDonald, Erin and Bordley, Robert and Hauser, John R},
  journal={Marketing Science},
  volume={33},
  number={1},
  pages={27--46},
  year={2013},
  publisher={INFORMS}
}

@article{toubia2004polyhedral,
  title={Polyhedral methods for adaptive choice-based conjoint analysis},
  author={Toubia, Olivier and Hauser, John R and Simester, Duncan I},
  journal={Journal of Marketing Research},
  volume={41},
  number={1},
  pages={116--131},
  year={2004},
  publisher={American Marketing Association}
}
